@misc{Confidentiality4CBSE,
	author = {Kramer, Max E. and  Klare, Heiko  and Reiche, Frederik  and Hecker, Martin},
	title = {Confidentiality4CBSE},
	publisher = {GitHub},
	howpublished = {\url{https://github.com/KASTEL-SCBS/Confidentiality4CBSE.git}}
}


@misc{PCM2Prolog,
	author = {Kramer, Max E. and Hecker, Martin and Reiche, Frederik},
	title = {PCM2Prolog},
	publisher = {GitHub},
	howpublished = {\url{https://github.com/KASTEL-SCBS/PCM2Prolog.git}}
}


@misc{Examples4SCBS,
	author = {Kramer, Max E. and Hecker, Martin and Yurchenko, Kateryna},
	title = {Examples4SCBS},
	publisher = {GitHub},
	howpublished = {\url{https://github.com/KASTEL-SCBS/Examples4SCBS.git}}
}



@techreport{kramer2017model,
	address = {Karlsruhe},
	author = {Kramer, Max E. and Hecker, Martin and Greiner, Simon and Bao, Kaibin and Yurchenko, Kateryna},
	institution = {Karlsruhe Institute of Technology, Department of Informatics},
	issn = {2190-4782},
	series = {Karlsruhe Reports in Informatics},
	title = {{Model-Driven Specification and Analysis of Confidentiality in Component-Based Systems}},
	volume = {12},
	year = {2017},
	doi = {10.5445/IR/1000076957},
	url = {http://dx.doi.org/10.5445/IR/1000076957  [Titel anhand dieser DOI in Citavi-Projekt Ã¼bernehmen] }
}